<collection xmlns:xsi="http://www.w3.org/2001/XMLSchema-instance" xmlns="http://www.loc.gov/MARC21/slim" xsi:schemaLocation="http://www.loc.gov/MARC21/slim http://www.loc.gov/standards/marcxml/schema/MARC21slim.xsd">

<record>
  <leader>11008ckdaa2201081 a 4500</leader>
  <controlfield tag="001">3462408</controlfield>
  <controlfield tag="005">20100226103440.0</controlfield>
  <controlfield tag="008">890530s1913    xx ||| |||||||   1k|eng d</controlfield>
  <datafield tag="035" ind1=" " ind2=" ">
    <subfield code="a">(OCoLC)83081615</subfield>
  </datafield>
  <datafield tag="035" ind1=" " ind2=" ">
    <subfield code="a">(OCoLC)ocm83081615</subfield>
  </datafield>
  <datafield tag="035" ind1=" " ind2=" ">
    <subfield code="a">(CStRLIN)NYDA89-F661</subfield>
  </datafield>
  <datafield tag="035" ind1=" " ind2=" ">
    <subfield code="9">AAA2879AD</subfield>
  </datafield>
  <datafield tag="035" ind1=" " ind2=" ">
    <subfield code="a">(NNC)3462408</subfield>
  </datafield>
  <datafield tag="040" ind1=" " ind2=" ">
    <subfield code="a">NNC</subfield>
    <subfield code="c">NNC</subfield>
    <subfield code="e">gihc</subfield>
  </datafield>
  <datafield tag="043" ind1=" " ind2=" ">
    <subfield code="a">n-us-ca</subfield>
  </datafield>
  <datafield tag="110" ind1="2" ind2=" ">
    <subfield code="a">Greene &amp; Greene.</subfield>
  </datafield>
  <datafield tag="240" ind1="1" ind2="0">
    <subfield code="a">Earle C. Anthony house (Los Angeles, Calif.).</subfield>
    <subfield code="p">Alterations and additions</subfield>
  </datafield>
  <datafield tag="245" ind1="1" ind2="0">
    <subfield code="a">[Alterations to] residence for Earle C. Athony, esq., Los Angeles, [Calif.]</subfield>
    <subfield code="h">[graphic] /</subfield>
    <subfield code="c">Greene &amp; Greene, Architects.</subfield>
  </datafield>
  <datafield tag="260" ind1=" " ind2=" ">
    <subfield code="c">[1913]</subfield>
  </datafield>
  <datafield tag="300" ind1=" " ind2=" ">
    <subfield code="a">40 sheets :</subfield>
    <subfield code="b">various media ;</subfield>
    <subfield code="c">141.3 x 102.8 cm. (55 5/8 x 50 3/4 in.) or smaller.</subfield>
  </datafield>
  <datafield tag="500" ind1=" " ind2=" ">
    <subfield code="a">Scale varies.</subfield>
  </datafield>
  <datafield tag="500" ind1=" " ind2=" ">
    <subfield code="a">Bracketed title elements supplied by cataloger or taken form inventory.</subfield>
  </datafield>
  <datafield tag="500" ind1=" " ind2=" ">
    <subfield code="a">Forms part of the Greene &amp; Greene collection of architectural drawings ; job no. 307.</subfield>
  </datafield>
  <datafield tag="500" ind1=" " ind2=" ">
    <subfield code="a">"The house was moved from its original location at 666 S. Berendo Street, Los Angeles, in 1923 [to] 910 N. Bedford Drive, Beverly Hills" -- Greene &amp; Greene, architecture as a fine art, by Randell L. Makinson, Salt Lake City, Peregrine Smith, 1977. p. 184.</subfield>
  </datafield>
  <datafield tag="500" ind1=" " ind2=" ">
    <subfield code="a">This set consists of 17 blueprints on paper, 12 pencil drawings on tracing paper, 7 pencil drawings with crayon on tracing paper, 2 pencil drawings on paper, 2 pencil and ink drawings on tracing paper, 1 blueprint with pencil and crayon on paper, and 1 pencil and watercolor wash drawing on tracing paper.</subfield>
  </datafield>
  <datafield tag="500" ind1=" " ind2=" ">
    <subfield code="a">Date from inventory.</subfield>
  </datafield>
  <datafield tag="561" ind1=" " ind2=" ">
    <subfield code="a">Gift of Jean Murray Bangs (Mrs. Harwell Hamilton Harris), 1960; formerly the collection of Charles Sumner Greene.</subfield>
  </datafield>
  <datafield tag="650" ind1=" " ind2="7">
    <subfield code="a">Houses.</subfield>
    <subfield code="2">aat</subfield>
  </datafield>
  <datafield tag="650" ind1=" " ind2="7">
    <subfield code="a">Alterations.</subfield>
    <subfield code="2">aat</subfield>
  </datafield>
  <datafield tag="650" ind1=" " ind2="7">
    <subfield code="a">Additions.</subfield>
    <subfield code="2">aat</subfield>
  </datafield>
  <datafield tag="650" ind1=" " ind2="7">
    <subfield code="a">Stained glass windows.</subfield>
    <subfield code="2">aat</subfield>
  </datafield>
  <datafield tag="650" ind1=" " ind2="7">
    <subfield code="a">Sleeping porches.</subfield>
    <subfield code="2">aat</subfield>
  </datafield>
  <datafield tag="655" ind1=" " ind2="7">
    <subfield code="a">Detail drawings.</subfield>
    <subfield code="2">aat</subfield>
  </datafield>
  <datafield tag="655" ind1=" " ind2="7">
    <subfield code="a">Renderings.</subfield>
    <subfield code="2">aat</subfield>
  </datafield>
  <datafield tag="655" ind1=" " ind2="7">
    <subfield code="a">Architectural drawings</subfield>
    <subfield code="x">American.</subfield>
    <subfield code="2">aat</subfield>
  </datafield>
  <datafield tag="655" ind1=" " ind2="7">
    <subfield code="a">Orthographic drawings.</subfield>
    <subfield code="2">aat</subfield>
  </datafield>
  <datafield tag="655" ind1=" " ind2="7">
    <subfield code="a">Sketches.</subfield>
    <subfield code="2">aat</subfield>
  </datafield>
  <datafield tag="691" ind1=" " ind2="0">
    <subfield code="a">Los Angeles (Calif.)</subfield>
  </datafield>
  <datafield tag="691" ind1=" " ind2="0">
    <subfield code="a">Beverly Hills (Calif.)</subfield>
  </datafield>
  <datafield tag="650" ind1=" " ind2="0">
    <subfield code="a">Architecture</subfield>
    <subfield code="z">United States</subfield>
    <subfield code="v">Designs and plans.</subfield>
  </datafield>
  <datafield tag="697" ind1="2" ind2="4">
    <subfield code="a">Earle C. Anthony house (Los Angeles, Calif.)</subfield>
  </datafield>
  <datafield tag="700" ind1="1" ind2=" ">
    <subfield code="a">Greene, Charles Sumner,</subfield>
    <subfield code="d">1868-1957.</subfield>
  </datafield>
  <datafield tag="700" ind1="1" ind2=" ">
    <subfield code="a">Greene, Henry Mather,</subfield>
    <subfield code="d">1870-1954.</subfield>
  </datafield>
  <datafield tag="700" ind1="1" ind2=" ">
    <subfield code="a">Anthony, Earle C.</subfield>
  </datafield>
  <datafield tag="755" ind1=" " ind2=" ">
    <subfield code="a">Blueprints.</subfield>
    <subfield code="2">aat</subfield>
  </datafield>
  <datafield tag="755" ind1=" " ind2=" ">
    <subfield code="a">Pencil drawings.</subfield>
    <subfield code="2">aat</subfield>
  </datafield>
  <datafield tag="755" ind1=" " ind2=" ">
    <subfield code="a">Crayon drawings.</subfield>
    <subfield code="2">aat</subfield>
  </datafield>
  <datafield tag="755" ind1=" " ind2=" ">
    <subfield code="a">Ink drawings.</subfield>
    <subfield code="2">aat</subfield>
  </datafield>
  <datafield tag="755" ind1=" " ind2=" ">
    <subfield code="a">Watercolor wash drawings.</subfield>
    <subfield code="2">aat</subfield>
  </datafield>
  <datafield tag="799" ind1="4" ind2="3">
    <subfield code="a">The Greene &amp; Greene collection of architectural drawings.</subfield>
  </datafield>
  <datafield tag="789" ind1="0" ind2=" ">
    <subfield code="1">[1]</subfield>
    <subfield code="i">NYDA.1960.001.00146.</subfield>
    <subfield code="v">[AVERYimage].</subfield>
    <subfield code="t">Additions to sleeping porch, etc. -- second floor plan, [interior elevations of] west side of porch [and] north side of porch, west elevation [and] north elevation [of exterior], 3/4" scale detail of flower box ; den -- first floor plan, details of case in lavatory :</subfield>
    <subfield code="n">Sheet no. 2.</subfield>
  </datafield>
  <datafield tag="789" ind1="0" ind2=" ">
    <subfield code="1">[2]</subfield>
    <subfield code="i">NYDA.1960.001.00147.</subfield>
    <subfield code="v">[AVERYimage].</subfield>
    <subfield code="t">Additions to sleeping porch, etc. -- second floor plan, [interior elevations of] west side of porch [and] north side of porch, west elevation [and] north elevation [of exterior], 3/4" scale detail at "A", 3/4" scale detail of flower box ; den -- first floor plan, details of case in lavatory :</subfield>
    <subfield code="n">Sheet no. 2.</subfield>
    <subfield code="o">Encapsulated in mylar.</subfield>
  </datafield>
  <datafield tag="789" ind1="0" ind2=" ">
    <subfield code="1">[3]</subfield>
    <subfield code="i">NYDA.1960.001.00148.</subfield>
    <subfield code="v">[AVERYimage].</subfield>
    <subfield code="t">Additions to sleeping porch, etc. -- second floor plan, [interior elevations of] west side of porch [and] north side of porch, west elevation [and] north elevation [of exterior], 3/4" scale detail at "A", 3/4" scale detail of flower box ; den -- first floor plan, details of case in lavatory :</subfield>
    <subfield code="n">Sheet no. 2.</subfield>
  </datafield>
  <datafield tag="789" ind1="0" ind2=" ">
    <subfield code="1">[4]</subfield>
    <subfield code="i">NYDA.1960.001.00149.</subfield>
    <subfield code="v">[AVERYimage].</subfield>
    <subfield code="t">Breakfast room addition -- plan, north elevation, east elevation :</subfield>
    <subfield code="n">Sheet no. 3 /</subfield>
    <subfield code="c">drawn by L.W.C.</subfield>
    <subfield code="o">"Note - new work is indicated by clear lines".</subfield>
  </datafield>
  <datafield tag="789" ind1="0" ind2=" ">
    <subfield code="1">[5]</subfield>
    <subfield code="i">NYDA.1960.001.00150.</subfield>
    <subfield code="v">[AVERYimage].</subfield>
    <subfield code="t">Breakfast room addition -- plan, north elevation, east elevation :</subfield>
    <subfield code="n">Sheet no. 3 /</subfield>
    <subfield code="c">drawn by L.W.C.</subfield>
    <subfield code="o">"Note - new work is indicated by clear lines".</subfield>
  </datafield>
  <datafield tag="789" ind1="0" ind2=" ">
    <subfield code="1">[6]</subfield>
    <subfield code="i">NYDA.1960.001.00151.</subfield>
    <subfield code="v">[AVERYimage].</subfield>
    <subfield code="t">Breakfast room addition -- plan, north elevation, east elevation :</subfield>
    <subfield code="n">Sheet no. 3 /</subfield>
    <subfield code="c">drawn by L.W.C.</subfield>
    <subfield code="o">"Note - new work is indicated by clear lines".</subfield>
  </datafield>
  <datafield tag="789" ind1="0" ind2=" ">
    <subfield code="1">[7]</subfield>
    <subfield code="i">NYDA.1960.001.00152.</subfield>
    <subfield code="v">[AVERYimage].</subfield>
    <subfield code="t">Detail of bookcase doors, etc., in den -- south elevation, part east elevation, [sections] :</subfield>
    <subfield code="n">Sheet no. 4.</subfield>
  </datafield>
  <datafield tag="789" ind1="0" ind2=" ">
    <subfield code="1">[8]</subfield>
    <subfield code="i">NYDA.1960.001.00153R.</subfield>
    <subfield code="v">[AVERYimage].</subfield>
    <subfield code="t">Detail of bookcase doors, etc., in den -- south elevation, part east elvation, [sections] :</subfield>
    <subfield code="n">Sheet no. 4.</subfield>
  </datafield>
  <datafield tag="789" ind1="0" ind2=" ">
    <subfield code="1">[9]</subfield>
    <subfield code="i">NYDA.1960.001.00153V.</subfield>
    <subfield code="v">[AVERYimage].</subfield>
    <subfield code="t">[Unidentified rough sketch]</subfield>
  </datafield>
  <datafield tag="789" ind1="0" ind2=" ">
    <subfield code="1">[10]</subfield>
    <subfield code="i">NYDA.1960.001.00154.</subfield>
    <subfield code="v">[AVERYimage].</subfield>
    <subfield code="t">Detail of bookcase doors, etc., in den -- south elevation, part east elevation, [sections]:</subfield>
    <subfield code="n">Sheet no. 4.</subfield>
  </datafield>
  <datafield tag="789" ind1="0" ind2=" ">
    <subfield code="1">[11]</subfield>
    <subfield code="i">NYDA.1960.001.00155.</subfield>
    <subfield code="v">[AVERYimage].</subfield>
    <subfield code="t">Alterations to sitting rm. -- F[ull] s[cale] d[etail] of new interior finish in sitting room, full size detail of cove, [elevations of] north side [and] south side [and] east side, F.S.D. of hood showing plaster filling :</subfield>
    <subfield code="n">Sheet no. 5.</subfield>
    <subfield code="o">"Note - old battens, casings, etc. to be removed and cracks between boards filled flush. 1/8" stripping to be placed behind baseboard and cove and around all openings, under casings, and 8 oz. duck securely tacked to it".</subfield>
  </datafield>
  <datafield tag="789" ind1="0" ind2=" ">
    <subfield code="1">[12]</subfield>
    <subfield code="i">NYDA.1960.001.00156.</subfield>
    <subfield code="v">[AVERYimage].</subfield>
    <subfield code="t">Alterations to sitting rm. -- F[ull] s[cale] d[etail] of new interior finish in sitting room, full size detail of cove, [elevations of] north side [and] south side [and] east side, F.S.D. of hood showing plaster filling :</subfield>
    <subfield code="n">Sheet no. 5.</subfield>
    <subfield code="o">"Note - old battens, casings, etc. to be removed and cracks between boards filled flush. 1/8" stripping to be placed behind baseboard and cove and around all openings, under casings, and 8 oz. duck securely tacked to it".</subfield>
  </datafield>
  <datafield tag="789" ind1="0" ind2=" ">
    <subfield code="1">[13]</subfield>
    <subfield code="i">NYDA.1960.001.00157.</subfield>
    <subfield code="v">[AVERYimage].</subfield>
    <subfield code="t">Alterations to sitting rm. -- F[ull] s[cale] d[etail] of new interior finish in sitting room, full size detail of cove, [elevations of] north side [and] south side [and] east side, F.S.D. of hood showing plaster filling :</subfield>
    <subfield code="n">Sheet no. 5.</subfield>
    <subfield code="o">Print has marks in pencil and crayon.</subfield>
    <subfield code="o">"Note - old battens ... securely tacked to it".</subfield>
  </datafield>
  <datafield tag="789" ind1="0" ind2=" ">
    <subfield code="1">[14]</subfield>
    <subfield code="i">NYDA.1960.001.00158.</subfield>
    <subfield code="v">[AVERYimage].</subfield>
    <subfield code="t">Breakfast room addition -- [details in sections and plans] :</subfield>
    <subfield code="n">Sheet no. 6 /</subfield>
    <subfield code="c">drawn by L.W.C.</subfield>
  </datafield>
  <datafield tag="789" ind1="0" ind2=" ">
    <subfield code="1">[15]</subfield>
    <subfield code="i">NYDA.1960.001.00159.</subfield>
    <subfield code="v">[AVERYimage].</subfield>
    <subfield code="t">Breakfast room addition -- [details in sections and plans] :</subfield>
    <subfield code="n">Sheet no. 6 /</subfield>
    <subfield code="c">drawn by L.W.C.</subfield>
  </datafield>
  <datafield tag="789" ind1="0" ind2=" ">
    <subfield code="1">[16]</subfield>
    <subfield code="i">NYDA.1960.001.00160.</subfield>
    <subfield code="v">[AVERYimage].</subfield>
    <subfield code="t">Breakfast room addition -- [details in section and plans] :</subfield>
    <subfield code="n">Sheet no. 6 /</subfield>
    <subfield code="c">drawn by L.W.C.</subfield>
  </datafield>
  <datafield tag="789" ind1="0" ind2=" ">
    <subfield code="1">[17]</subfield>
    <subfield code="i">NYDA.1960.001.00161.</subfield>
    <subfield code="v">[AVERYimage].</subfield>
    <subfield code="t">Full size &amp; 1" scale details of doors in breakfast room :</subfield>
    <subfield code="n">Sheet no. 7.</subfield>
  </datafield>
  <datafield tag="789" ind1="0" ind2=" ">
    <subfield code="1">[18]</subfield>
    <subfield code="i">NYDA.1960.001.00162.</subfield>
    <subfield code="v">[AVERYimage].</subfield>
    <subfield code="t">Full size &amp; 1" scale details of doors in breakfast room :</subfield>
    <subfield code="n">Sheet no. 7.</subfield>
  </datafield>
  <datafield tag="789" ind1="0" ind2=" ">
    <subfield code="1">[19]</subfield>
    <subfield code="i">NYDA.1960.001.00163.</subfield>
    <subfield code="v">[AVERYimage].</subfield>
    <subfield code="t">Full size &amp; 1" scale details of doors in breakfast room :</subfield>
    <subfield code="n">Sheet no. 7.</subfield>
  </datafield>
  <datafield tag="789" ind1="0" ind2=" ">
    <subfield code="1">[20]</subfield>
    <subfield code="i">NYDA.1960.001.00164.</subfield>
    <subfield code="v">[AVERYimage].</subfield>
    <subfield code="t">F.S.D. of sash for sleeping porch -- [section] :</subfield>
    <subfield code="n">Sheet no. 8 /</subfield>
    <subfield code="c">drawn by L.W.C.</subfield>
  </datafield>
  <datafield tag="789" ind1="0" ind2=" ">
    <subfield code="1">[21]</subfield>
    <subfield code="i">NYDA.1960.001.00165.</subfield>
    <subfield code="v">[AVERYimage].</subfield>
    <subfield code="t">Full size detail of flower box, additions to sleeping porch, etc. -- [sections] :</subfield>
    <subfield code="n">Sheet no. 9.</subfield>
    <subfield code="o">"See sheet no. 2 for scale detail".</subfield>
  </datafield>
  <datafield tag="789" ind1="0" ind2=" ">
    <subfield code="1">[22]</subfield>
    <subfield code="i">NYDA.1960.001.00166.</subfield>
    <subfield code="v">[AVERYimage].</subfield>
    <subfield code="t">Full size detail of flower box, additions to sleeping porch, etc. -- [sections] :</subfield>
    <subfield code="n">Sheet no. 9</subfield>
    <subfield code="o">"See sheet no. 2 for scale detail".</subfield>
    <subfield code="o">Ecapsulated in mylar.</subfield>
  </datafield>
  <datafield tag="789" ind1="0" ind2=" ">
    <subfield code="1">[23]</subfield>
    <subfield code="i">NYDA.1960.001.00167.</subfield>
    <subfield code="v">[AVERYimage].</subfield>
    <subfield code="t">Full size detail of flower box, additions to sleeping porch, etc. :</subfield>
    <subfield code="n">Sheet no. 9.</subfield>
    <subfield code="o">"See sheet no. 2 for scale detail".</subfield>
    <subfield code="o">Encapsulated in mylar.</subfield>
  </datafield>
  <datafield tag="789" ind1="0" ind2=" ">
    <subfield code="1">[24]</subfield>
    <subfield code="i">NYDA.1960.001.00168.</subfield>
    <subfield code="v">[AVERYimage].</subfield>
    <subfield code="t">F.S. and scale details of finish in breakfast room :</subfield>
    <subfield code="n">Sheet no. 10.</subfield>
  </datafield>
  <datafield tag="789" ind1="0" ind2=" ">
    <subfield code="1">[25]</subfield>
    <subfield code="i">NYDA.1960.001.00169.</subfield>
    <subfield code="v">[AVERYimage].</subfield>
    <subfield code="t">F.S. and scale details of finish in breakfast room :</subfield>
    <subfield code="n">Sheet no. 10.</subfield>
  </datafield>
  <datafield tag="789" ind1="0" ind2=" ">
    <subfield code="1">[26]</subfield>
    <subfield code="i">NYDA.1960.001.00170.</subfield>
    <subfield code="v">[AVERYimage].</subfield>
    <subfield code="t">F.S. and scale details of finish in breakfast room :</subfield>
    <subfield code="n">Sheet nol 10.</subfield>
    <subfield code="o">Encapsulated in mylar.</subfield>
  </datafield>
  <datafield tag="789" ind1="0" ind2=" ">
    <subfield code="1">[27]</subfield>
    <subfield code="i">NYDA.1960.001.00171.</subfield>
    <subfield code="v">[AVERYimage].</subfield>
    <subfield code="t">Details of marble steps, etc., sleepingporch [in] plan, elevation[s, and sections] :</subfield>
    <subfield code="n">Sheet no. 11.</subfield>
  </datafield>
  <datafield tag="789" ind1="0" ind2=" ">
    <subfield code="1">[28]</subfield>
    <subfield code="i">NYDA.1960.001.00172.</subfield>
    <subfield code="v">[AVERYimage].</subfield>
    <subfield code="t">Details of lanterns for den and sleeping porch -- end [and] side [elevations] :</subfield>
    <subfield code="n">Sheet no. 12.</subfield>
    <subfield code="o">"Wood ... white cedar".</subfield>
    <subfield code="o">"Note - each lantern to contain 2 100 watt lamps".</subfield>
    <subfield code="o">"Set no. 4".</subfield>
  </datafield>
  <datafield tag="789" ind1="0" ind2=" ">
    <subfield code="1">[29]</subfield>
    <subfield code="i">NYDA.1960.001.00173.</subfield>
    <subfield code="v">[AVERYimage].</subfield>
    <subfield code="t">Details of lanterns for den and sleeping porch -- end [and] side [elevations] :</subfield>
    <subfield code="n">Sheet no. 12.</subfield>
    <subfield code="o">"Note - each lantern to contain 2 100 watt lamps".</subfield>
    <subfield code="o">"Set no. 4".</subfield>
  </datafield>
  <datafield tag="789" ind1="0" ind2=" ">
    <subfield code="1">[30]</subfield>
    <subfield code="i">NYDA.1960.001.00174.</subfield>
    <subfield code="v">[AVERYimage].</subfield>
    <subfield code="t">Detail of finish in sleeping porch -- elevation, section "AA", plan :</subfield>
    <subfield code="n">Sheet no. 13.</subfield>
  </datafield>
  <datafield tag="789" ind1="0" ind2=" ">
    <subfield code="1">[31]</subfield>
    <subfield code="i">NYDA.1960.001.00175.</subfield>
    <subfield code="v">[AVERYimage].</subfield>
    <subfield code="t">F.S. detail of sash for boorcase doors in den :</subfield>
    <subfield code="n">Sheet # 14.</subfield>
    <subfield code="o">"Note -- heads of sash same demensions [sic] as styles. Hight [sic] of all glass daylight size 3'-5" :make sash to conform".</subfield>
  </datafield>
  <datafield tag="789" ind1="0" ind2=" ">
    <subfield code="1">[32]</subfield>
    <subfield code="i">NYDA.1960.001.00176.</subfield>
    <subfield code="v">[AVERYimage].</subfield>
    <subfield code="t">Details of medicine case in lavarory -- elevation, section, F.S. of head and jamb [in plan] :</subfield>
    <subfield code="n">Sheet no. 15.</subfield>
  </datafield>
  <datafield tag="789" ind1="0" ind2=" ">
    <subfield code="1">[33]</subfield>
    <subfield code="i">NYDA.1960.001.00177.</subfield>
    <subfield code="v">[AVERYimage].</subfield>
    <subfield code="t">Full size detail of leaded art glass work, [rendering] :</subfield>
    <subfield code="n">Sheet no. 16.</subfield>
    <subfield code="p">1 drawing : ink with pencil on tracing paper ; 69.9 x 59.7 cm. (27 1/2 x 23 1/2 in.)</subfield>
  </datafield>
  <datafield tag="789" ind1="0" ind2=" ">
    <subfield code="1">[34]</subfield>
    <subfield code="i">NYDA.1960.001.00178.</subfield>
    <subfield code="v">[AVERYimage].</subfield>
    <subfield code="t">Full size detail of leaded art glass work :</subfield>
    <subfield code="n">Sheet no. 17.</subfield>
    <subfield code="o">"Four of this".</subfield>
  </datafield>
  <datafield tag="789" ind1="0" ind2=" ">
    <subfield code="1">[35]</subfield>
    <subfield code="i">NYDA.1960.001.00179.</subfield>
    <subfield code="v">[AVERYimage].</subfield>
    <subfield code="t">F.S.D. of carving on mantel :</subfield>
    <subfield code="n">Sheet no. 19.</subfield>
  </datafield>
  <datafield tag="789" ind1="0" ind2=" ">
    <subfield code="1">[36]</subfield>
    <subfield code="i">NYDA.1960.001.00180.</subfield>
    <subfield code="v">[AVERYimage].</subfield>
    <subfield code="t">Side view of lantern :</subfield>
    <subfield code="n">Sheet no. 20.</subfield>
    <subfield code="o">"Two lanterns like this. Wood - white cedar".</subfield>
    <subfield code="o">"See sheet no. 20A for end view".</subfield>
  </datafield>
  <datafield tag="789" ind1="0" ind2=" ">
    <subfield code="1">[37]</subfield>
    <subfield code="i">NYDA.1960.001.00181.</subfield>
    <subfield code="v">[AVERYimage].</subfield>
    <subfield code="t">End view of lantern :</subfield>
    <subfield code="n">Sheet no. 20A.</subfield>
    <subfield code="o">"Note - this sheet is supplement of sheet no. 20".</subfield>
  </datafield>
  <datafield tag="789" ind1="0" ind2=" ">
    <subfield code="1">[38]</subfield>
    <subfield code="i">NYDA.1960.001.00182.</subfield>
    <subfield code="v">[AVERYimage].</subfield>
    <subfield code="t">[Elevation and plan showing] change in lav[atory] window and timber work.</subfield>
  </datafield>
  <datafield tag="789" ind1="0" ind2=" ">
    <subfield code="1">[39]</subfield>
    <subfield code="i">NYDA.1960.001.00183R.</subfield>
    <subfield code="v">[AVERYimage].</subfield>
    <subfield code="t">[Rough sketch of] plan for outside door in den.</subfield>
  </datafield>
  <datafield tag="789" ind1="0" ind2=" ">
    <subfield code="1">[40]</subfield>
    <subfield code="i">NYDA.1960.001.00183V.</subfield>
    <subfield code="v">[AVERYimage].</subfield>
    <subfield code="t">[Rough sketch of] mantel in ... [piec e torn away] ... over [living] r[oom]</subfield>
  </datafield>
  <datafield tag="789" ind1="0" ind2=" ">
    <subfield code="1">[41]</subfield>
    <subfield code="i">NYDA.1960.001.00184.</subfield>
    <subfield code="v">[AVERYimage].</subfield>
    <subfield code="t">Notes on mantel in bedr'm, [rough sketch]</subfield>
  </datafield>
  <datafield tag="789" ind1="0" ind2=" ">
    <subfield code="1">[42]</subfield>
    <subfield code="i">NYDA.1960.001.04516.</subfield>
    <subfield code="v">[AVERYimage].</subfield>
    <subfield code="t">[Detail in elevation of]den bookcase door :</subfield>
    <subfield code="n">Sheet no. 18.</subfield>
    <subfield code="o">"1 pair of doors like this".</subfield>
  </datafield>
  <datafield tag="900" ind1=" " ind2=" ">
    <subfield code="a">AUTH</subfield>
  </datafield>
</record>

</collection>